@book{kane1985dynamics,
  title={Dynamics, theory and applications},
  author={Kane, Thomas R and Levinson, David A},
  year={1985},
  publisher={McGraw Hill}
}

@article{IMU1,
   author = {Favre, Julien and Jolles, BM and Aissaoui, Rachid and Aminian, K},
   title = {Ambulatory measurement of 3D knee joint angle},
   journal = {Journal of Biomechanics},
   volume = {41},
   number = {5},
   pages = {1029-1035},
   ISSN = {0021-9290},
   year = {2008},
   type = {Journal Article}
}

@article{de1996adjustments,
  title={Adjustments to Zatsiorsky-Seluyanov's segment inertia parameters},
  author={De Leva, Paolo},
  journal={Journal of biomechanics},
  volume={29},
  number={9},
  pages={1223--1230},
  year={1996},
  publisher={Elsevier}
}

@article{zhang2017human,
  title={Human-in-the-loop optimization of exoskeleton assistance during walking},
  author={Zhang, Juanjuan and Fiers, Pieter and Witte, Kirby A and Jackson, Rachel W and Poggensee, Katherine L and Atkeson, Christopher G and Collins, Steven H},
  journal={Science},
  volume={356},
  number={6344},
  pages={1280--1284},
  year={2017},
  publisher={American Association for the Advancement of Science}
}

@article{ouyang2016development,
  title={Development of a novel compact hydraulic power unit for the exoskeleton robot},
  author={Ouyang, Xiaoping and Ding, Shuo and Fan, Boqian and Li, Perry Y and Yang, Huayong},
  journal={Mechatronics},
  volume={38},
  pages={68--75},
  year={2016},
  publisher={Elsevier}
}

@article{madani2016non,
  title={Non-singular terminal sliding mode controller: Application to an actuated exoskeleton},
  author={Madani, T and Daachi, B and Djouani, K},
  journal={Mechatronics},
  volume={33},
  pages={136--145},
  year={2016},
  publisher={Elsevier}
}

@article{IMU2,
  title={Pervasive Monitoring of Motion and Muscle Activation: Inertial and Mechanomyography Fusion},
  author={Woodward, Richard B and Shefelbine, Sandra J and Vaidyanathan, Ravi},
  journal={IEEE/ASME Transactions on Mechatronics},
  volume={22},
  number={5},
  pages={2022-2033},
  year={2017},
  publisher={IEEE}
}

@article{chen2018ankle,
  title={Ankle-foot orthoses for rehabilitation and reducing metabolic cost of walking: Possibilities and challenges},
  author={Chen, Bing and Zi, Bin and Zeng, Yishan and Qin, Ling and Liao, Wei-Hsin},
  journal={Mechatronics},
  volume={53},
  pages={241--250},
  year={2018},
  publisher={Elsevier}
}


@article{exosuit,
  title={Biomechanical Design of a Novel Flexible Exoskeleton for Lower Extremities},
  author={Lee, Younbaek and Kim, Yong-Jae and Lee, Jongwon and Lee, Minhyung and Choi, Byungjune and Kim, Jeonghun and Park, Young Jin and Choi, Jungyun},
  journal={IEEE/ASME Transactions on Mechatronics},
  volume={22},
  number={5},
  pages={2058-2069},
  year={2017},
  publisher={IEEE}
}

@article{negativework,
   author = {Abbott, BC and Bigland, Brenda and Ritchie, JM},
   title = {The physiological cost of negative work},
   journal = {The Journal of Physiology},
   volume = {117},
   number = {3},
   pages = {380-390},
   ISSN = {1469-7793},
   year = {1952},
   type = {Journal Article}

@article{pays,
   author = {Sawicki, Gregory S and Lewis, Cara L and Ferris, Daniel P},
   title = {It pays to have a spring in your step},
   journal = {Exercise and Sport Sciences Reviews},
   volume = {37},
   number = {3},
   pages = {130},
   year = {2009},
   type = {Journal Article}
}

@article{RN20,
   author = {Asbeck, Alan T and De Rossi, Stefano MM and Galiana, Ignacio and Ding, Ye and Walsh, Conor J},
   title = {Stronger, smarter, softer: next-generation wearable robots},
   journal = {IEEE Robotics \& Automation Magazine},
   volume = {21},
   number = {4},
   pages = {22-33},
   ISSN = {1070-9932},
   year = {2014},
   type = {Journal Article}
}

@article{RN24,
   author = {Kadaba, Mrn P and Ramakrishnan, HK and Wootten, ME},
   title = {Measurement of lower extremity kinematics during level walking},
   journal = {Journal of Orthopaedic Research},
   volume = {8},
   number = {3},
   pages = {383-392},
   ISSN = {1554-527X},
   year = {1990},
   type = {Journal Article}

@article{RN23,
   author = {Browning, R. C. and Modica, J. R. and Kram, R. and Goswami, A.},
   title = {The effects of adding mass to the legs on the energetics and biomechanics of walking},
   journal = {Medicine \& Science Sports \& Exercise},
   volume = {39},
   number = {3},
   pages = {515-525},
   ISSN = {0195-9131 (Print)
0195-9131},
   DOI = {10.1249/mss.0b013e31802b3562},
   year = {2007},
   type = {Journal Article}
}

@article{RN7,
   author = {Cherry, Michael S. and Kota, Sridhar and Ferris, Daniel P.},
   title = {An Elastic Exoskeleton for Assisting Human Running},
   journal = {ASME 2009 International Design Engineering Technical Conferences and Computers and Information in Engineering Conference},
   pages = {727-738},
   DOI = {10.1115/detc2009-87355},
   year = {2009},
   type = {Journal Article}
}

@article{RN5,
   author = {Collins, Steven H and Wiggin, M Bruce and Sawicki, Gregory S},
   title = {Reducing the energy cost of human walking using an unpowered exoskeleton},
   journal = {Nature},
   volume = {522},
   number = {7555},
   pages = {212-215},
   ISSN = {0028-0836},
   year = {2015},
   type = {Journal Article}
}

@article{RN1,
   author = {Dollar, Aaron M. and Herr, Hugh},
   title = {Lower Extremity Exoskeletons and Active Orthoses: Challenges and State-of-the-Art},
   journal = {IEEE Transactions on Robotics},
   volume = {24},
   number = {1},
   pages = {144-158},
   ISSN = {1552-3098},
   DOI = {10.1109/tro.2008.915453},
   year = {2008},
   type = {Journal Article}
}

@article{RN6,
   author = {Elliott, Grant and Marecki, Andrew and Herr, Hugh},
   title = {Design of a clutch–spring knee exoskeleton for running},
   journal = {Journal of Medical Devices},
   volume = {8},
   number = {3},
   pages = {031002},
   ISSN = {1932-6181},
   year = {2014},
   type = {Journal Article}
}

@article{RN13,
   author = {Garcia, Mariano and Chatterjee, Anindya and Ruina, Andy and Coleman, Michael},
   title = {The simplest walking model: stability, complexity, and scaling},
   journal = {Journal of Biomechanical Engineering},
   volume = {120},
   number = {2},
   pages = {281-288},
   ISSN = {0148-0731},
   year = {1998},
   type = {Journal Article}
}

@article{RN15,
   author = {Gottschall, J. S. and Kram, R.},
   title = {Energy cost and muscular activity required for leg swing during walking},
   journal = {Journal of Applied Physiology (1985)},
   volume = {99},
   number = {1},
   pages = {23-30},
   ISSN = {8750-7587 (Print)
0161-7567 (Linking)},
   DOI = {10.1152/japplphysiol.01190.2004},
   year = {2005},
   type = {Journal Article}
}

@article{RN22,
   author = {Hirokawa, S and Solomonow, M and Luo, Z and Lu, Y and D'ambrosia, R},
   title = {Muscular co-contraction and control of knee stability},
   journal = {Journal of Electromyography and Kinesiology},
   volume = {1},
   number = {3},
   pages = {199-208},
   ISSN = {1050-6411},
   year = {1991},
   type = {Journal Article}
}

@article{RN16,
   author = {Ishikawa, M. and Komi, P. V. and Grey, M. J. and Lepola, V. and Bruggemann, G. P.},
   title = {Muscle-tendon interaction and elastic energy usage in human walking},
   journal = {Journal of Applied Physiology (1985)},
   volume = {99},
   number = {2},
   pages = {603-608},
   ISSN = {8750-7587 (Print)
0161-7567 (Linking)},
   DOI = {10.1152/japplphysiol.00189.2005},
   year = {2005},
   type = {Journal Article}
}

@article{RN11,
   author = {Jackson, Rachel W. and Collins, Steven H.},
   title = {An experimental comparison of the relative benefits of work and torque assistance in ankle exoskeletons},
   journal = {Journal of Applied Physiology},
   volume = {119},
   number = {5},
   pages = {541-557},
   ISSN = {8750-7587},
   DOI = {10.1152/japplphysiol.01133.2014},
   year = {2015},
   type = {Journal Article}
}

@article{RN14,
   author = {Kuo, Arthur D and Donelan, J Maxwell and Ruina, Andy},
   title = {Energetic consequences of walking like an inverted pendulum: step-to-step transitions},
   journal = {Exercise and Sport Sciences Reviews},
   volume = {33},
   number = {2},
   pages = {88-97},
   ISSN = {0091-6331},
   year = {2005},
   type = {Journal Article}
}

@article{RN18,
   author = {Li, Q. and Naing, V. and Donelan, J. M.},
   title = {Development of a biomechanical energy harvester},
   journal = {Journal of NeuroEngineering and Rehabilitation},
   volume = {6},
   pages = {22},
   ISSN = {1743-0003 (Electronic)
1743-0003 },
   DOI = {10.1186/1743-0003-6-22},
   year = {2009},
   type = {Journal Article}
}

@article{RN12,
   author = {Malcolm, P. and Derave, W. and Galle, S. and De Clercq, D.},
   title = {A simple exoskeleton that assists plantarflexion can reduce the metabolic cost of human walking},
   journal = {PLOS One},
   volume = {8},
   number = {2},
   pages = {e56137},
   ISSN = {1932-6203 (Electronic)
1932-6203 (Linking)},
   DOI = {10.1371/journal.pone.0056137},
   year = {2013},
   type = {Journal Article}
}

@article{RN9,
   author = {Mooney, Luke M. and Rouse, Elliott J. and Herr, Hugh M.},
   title = {Autonomous exoskeleton reduces metabolic cost of human walking during load carriage},
   journal = {Journal of Neuroengineering and Rehabilitation},
   volume = {11},
   pages = {80},
   ISSN = {1743-0003},
   DOI = {10.1186/1743-0003-11-80},
   year = {2014},
   type = {Journal Article}
}

@article{RN10,
   author = {Panizzolo, F. A. and Galiana, I. and Asbeck, A. T. and Siviy, C. and Schmidt, K. and Holt, K. G. and Walsh, C. J.},
   title = {A biologically-inspired multi-joint soft exosuit that can reduce the energy cost of loaded walking},
   journal = {Journal of NeuroEngineering and Rehabilitation},
   volume = {13},
   number = {1},
   pages = {43},
   ISSN = {1743-0003 (Electronic)
1743-0003 (Linking)},
   DOI = {10.1186/s12984-016-0150-9},
   year = {2016},
   type = {Journal Article}
}

@article{RN21,
   author = {Plooij, Michiel and Mathijssen, Glenn and Cherelle, Pierre and Lefeber, Dirk and Vanderborght, Bram},
   title = {Lock your robot: A review of locking devices in robotics},
   journal = {IEEE Robotics \& Automation Magazine},
   volume = {22},
   number = {1},
   pages = {106-117},
   ISSN = {1070-9932},
   year = {2015},
   type = {Journal Article}
}

@article{RN17,
   author = {Ryschon, TW and Fowler, MD and Wysong, RE and Anthony, A-R and Balaban, RS},
   title = {Efficiency of human skeletal muscle in vivo: comparison of isometric, concentric, and eccentric muscle action},
   journal = {Journal of Applied Physiology},
   volume = {83},
   number = {3},
   pages = {867-874},
   ISSN = {8750-7587},
   year = {1997},
   type = {Journal Article}
}

@article{RN8,
   author = {Shamaei, K. and Cenciarini, M. and Adams, A. A. and Gregorczyk, K. N. and Schiffman, J. M. and Dollar, A. M.},
   title = {Design and evaluation of a quasi-passive knee exoskeleton for investigation of motor adaptation in lower extremity joints},
   journal = {IEEE Transactions on Biomedical Engineering},
   volume = {61},
   number = {6},
   pages = {1809-1821},
   ISSN = {1558-2531 (Electronic)
0018-9294 (Linking)},
   DOI = {10.1109/TBME.2014.2307698},
   year = {2014},
   type = {Journal Article}
}

@article{RN4,
   author = {van Dijk, Wietse and Van der Kooij, Herman},
   title = {XPED2: A passive exoskeleton with artificial tendons},
   journal = {IEEE Robotics \& Automation Magazine},
   volume = {21},
   number = {4},
   pages = {56-61},
   ISSN = {1070-9932},
   year = {2014},
   type = {Journal Article}
}

@article{RN3,
   author = {Walsh, Conor James and Endo, Ken and Herr, Hugh},
   title = {A quasi-passive leg exoskeleton for load-carrying augmentation},
   journal = {International Journal of Humanoid Robotics},
   volume = {4},
   number = {3},
   pages = {487-506},
   ISSN = {0219-8436},
   year = {2007},
   type = {Journal Article}
}

@book{RN2,
   author = {Whittle, Michael W},
   title = {Gait analysis: an introduction},
   publisher = {Butterworth-Heinemann},
   ISBN = {1483183734},
   year = {2014},
   type = {Book}
}

@inproceedings{RN19,
   author = {Wiggin, M Bruce and Sawicki, Gregory S and Collins, Steven H},
   title = {An exoskeleton using controlled energy storage and release to aid ankle propulsion},
   booktitle = {Rehabilitation Robotics (ICORR), 2011 IEEE International Conference on},
   pages = {1-5},
   ISBN = {1424498627},
}

